<?xml version="1.0" encoding="UTF-8"?><collection xmlns="http://www.loc.gov/MARC21/slim"><record><leader>00509nam--2200133-i-4500</leader><controlfield tag="001">000010891</controlfield><controlfield tag="002">20161230</controlfield><controlfield tag="005">20161230201029</controlfield><controlfield tag="008">060222s1000------------r-----000-0-eng-d</controlfield><datafield ind1=" " ind2=" " tag="080"><subfield code="a">537.533.35 (043):669.017(043)</subfield></datafield><datafield ind1=" " ind2=" " tag="100"><subfield code="a">Brichet Claude</subfield></datafield><datafield ind1=" " ind2=" " tag="245"><subfield code="a">Etude des stades successifs de decomposition de la solution solide sursaturee al-mg-si a o,8 % de mg 2 si par mesure de la resisti vite et de la limite elastique en liaison</subfield></datafield><datafield ind1=" " ind2=" " tag="260"><subfield code="a">Paris-sud, Universite De Paris-sud Centre D Orsay, 1971</subfield></datafield><datafield ind1=" " ind2=" " tag="852"><subfield code="a">40326</subfield></datafield></record></collection>